<record><leader>00000cas a22000007a 4500</leader><controlfield tag="001">20379331</controlfield><controlfield tag="008">890921d18841891iduwr ne      0    0eng d</controlfield><datafield ind1=" " ind2=" " tag="010"><subfield code="a">sn 89055204 </subfield></datafield><datafield ind1=" " ind2=" " tag="040"><subfield code="a">NVB</subfield><subfield code="b">eng</subfield><subfield code="c">NVB</subfield><subfield code="d">OCLCQ</subfield><subfield code="d">OCLCF</subfield><subfield code="d">OCLCO</subfield></datafield><datafield ind1=" " ind2=" " tag="042"><subfield code="a">msc</subfield></datafield><datafield ind1=" " ind2=" " tag="043"><subfield code="a">n-us-id</subfield></datafield><datafield ind1="0" ind2="4" tag="245"><subfield code="a">The Weiser leader.</subfield></datafield><datafield ind1=" " ind2=" " tag="260"><subfield code="a">Weiser, Idaho :</subfield><subfield code="b">W.P. Glenn</subfield></datafield><datafield ind1=" " ind2=" " tag="300"><subfield code="a">v.</subfield></datafield><datafield ind1=" " ind2=" " tag="310"><subfield code="a">Weekly</subfield></datafield><datafield ind1="0" ind2=" " tag="362"><subfield code="a">Vol. 2, no. 33 (Apr. 12, 1884)-v. 10, no. 3 (Sept. 3, 1891).</subfield></datafield><datafield ind1=" " ind2="0" tag="651"><subfield code="a">Weiser (Idaho)</subfield><subfield code="v">Newspapers.</subfield></datafield><datafield ind1=" " ind2="7" tag="655"><subfield code="a">Newspapers.</subfield><subfield code="2">fast</subfield><subfield code="0">(OCoLC)fst01423814</subfield></datafield><datafield ind1=" " ind2="7" tag="651"><subfield code="a">Idaho</subfield><subfield code="z">Weiser.</subfield><subfield code="2">fast</subfield><subfield code="0">(OCoLC)fst01206409</subfield></datafield><datafield ind1=" " ind2=" " tag="752"><subfield code="a">United States</subfield><subfield code="b">Idaho</subfield><subfield code="c">Washington</subfield><subfield code="d">Weiser.</subfield></datafield><datafield ind1="0" ind2="0" tag="780"><subfield code="t">Weiser City leader</subfield><subfield code="w">(DLC)sn 89055203</subfield></datafield></record>